@Article{delignemostow,
  author =       {Deligne, P. and Mostow, G. D.},
  title =        {Monodromy of hypergeometric functions and non-lattice integral
monodromy},
  journal =      {Inst. Hautes {\'E}tudes Sci. Publ. Math.},
  year =         1986,
  volume =       63,
  pages =        {5--89},
}

@Article{derauxexpmath,
 Author = {Deraux, M.},
 Title = {{On spherical CR uniformization of 3-manifolds}},
 Journal = {{Exp. Math.}},
 Volume = {24},
 Number = {3},
 Pages = {355--370},
 Year = {2015}
}

@Article{derauxfalbel,
 Author = {Deraux, M. and Falbel, E.},
 Title = {{Complex hyperbolic geometry of the figure-eight knot}},
 Journal = {{Geom. Topol.}},
 Volume = {19},
 Number = {1},
 Pages = {237--293},
 Year = {2015}
}

@Article{ghazouanipirio,
 Author = {{Ghazouani}, S. and {Pirio}, L.},
 Title = {{Moduli spaces of flat tori with prescribed holonomy}},
 Journal = {{Geom. Funct. Anal.}},
 Volume = {27},
 Number = {6},
 Pages = {1289--1366},
 Year = {2017}
}

@Article{parkerwill,
 Author = {Parker, J.~R. and Will, P.},
 Title = {{A complex hyperbolic Riley slice}},
 Journal = {{Geom. Topol.}},
 Volume = {21},
 Number = {6},
 Pages = {3391--3451},
 Year = {2017}
}

@Article{schwartz4447,
  author =       {Schwartz, R. E.},
  title =        {Real hyperbolic on the outside, complex hyperbolic on the inside},
  journal =      {Inv. Math.},
  year =         2003,
  volume =       151,
  number =       2,
  pages =        {221--295}
}

@Article{thurstonshapes,
  author =       {Thurston, W. P.},
  title =        {Shapes of polyhedra and
    triangulations of the sphere},
  journal =      {Geometry and Topology Monographs},
  year =         1998,
  volume =       1,
  pages =        {511--549}
}

@Article{veech,
 Author = {{Veech}, W. A.},
 Title = {{Flat surfaces}},
 Journal = {{Am. J. Math.}},
 Volume = {115},
 Number = {3},
 Pages = {589--689},
 Year = {1993}
}